@misc{kokkinos-2023,
	author = {Kokkinos, Dimitris and Kokkinos, Dimitris},
	month = {10},
	title = {{Learn How a 4-Digit 7-Segment LED Display Works and how to control it using an Arduino - Software Particles}},
	year = {2023},
	url = {https://softwareparticles.com/learn-how-a-4-digit-7-segment-led-display-works-and-how-to-control-it-using-an-arduino/},
}

@misc{administrador-2025,
	author = {Administrador},
	month = {8},
	title = {{Flip-flop tipo D. Descripción, símbolo, tabla de verdad - Electrónica Unicrom}},
	year = {2025},
	url = {https://unicrom.com/flip-flop-tipo-d-descripcion-y-simbolo/},
}

@misc{unknown-author-2023,
	month = {7},
	title = {{Protocolo RS232: la guía para principiantes}},
	year = {2023},
	url = {https://opencircuit.es/blog/rs232-protocol-de-gids-voor-beginners},
}