@book{lopez-cajun-2008,
	author = {López-Cajún, Carlos S.},
	month = {1},
	title = {{Mecanismos}},
	year = {2008},
}